<record><leader>00000cas a22000007a 4500</leader><controlfield tag="001">12951190</controlfield><controlfield tag="008">851223d19041909nvuwr ne      0    0eng d</controlfield><datafield ind1=" " ind2=" " tag="010"><subfield code="a">sn 85058378 </subfield></datafield><datafield ind1=" " ind2=" " tag="040"><subfield code="a">UNP</subfield><subfield code="b">eng</subfield><subfield code="c">UNP</subfield><subfield code="d">NNX</subfield><subfield code="d">NPH</subfield><subfield code="d">CNK</subfield><subfield code="d">OCLCQ</subfield><subfield code="d">OCLCO</subfield></datafield><datafield ind1="1" ind2=" " tag="029"><subfield code="a">AU@</subfield><subfield code="b">000023526354</subfield></datafield><datafield ind1=" " ind2=" " tag="042"><subfield code="a">msc</subfield></datafield><datafield ind1=" " ind2=" " tag="043"><subfield code="a">n-us-nv</subfield></datafield><datafield ind1=" " ind2="4" tag="050"><subfield code="a">AN2.N3</subfield><subfield code="b">G64</subfield></datafield><datafield ind1="0" ind2="4" tag="245"><subfield code="a">The Goldfield review.</subfield></datafield><datafield ind1=" " ind2=" " tag="260"><subfield code="a">Columbia, Goldfield Mining District, Nev. :</subfield><subfield code="b">T.D. Van Devort,</subfield><subfield code="c">1904-1909.</subfield></datafield><datafield ind1=" " ind2=" " tag="300"><subfield code="a">5 v. :</subfield><subfield code="b">ill. ;</subfield><subfield code="c">56 cm.</subfield></datafield><datafield ind1=" " ind2=" " tag="310"><subfield code="a">Weekly</subfield></datafield><datafield ind1="0" ind2=" " tag="362"><subfield code="a">Vol. 1, no. 1 (Oct. 28, 1904)-v. 5, no. 17 (Feb. 13, 1909).</subfield></datafield><datafield ind1=" " ind2=" " tag="500"><subfield code="a">Moved to Goldfield, Nev. in Mar. 1907.</subfield></datafield><datafield ind1=" " ind2="0" tag="651"><subfield code="a">Columbia (Nev.)</subfield><subfield code="v">Newspapers.</subfield></datafield><datafield ind1=" " ind2="0" tag="651"><subfield code="a">Goldfield (Nev.)</subfield><subfield code="v">Newspapers.</subfield></datafield><datafield ind1=" " ind2=" " tag="752"><subfield code="a">United States</subfield><subfield code="b">Nevada</subfield><subfield code="c">Esmeralda</subfield><subfield code="d">Columbia.</subfield></datafield><datafield ind1=" " ind2=" " tag="752"><subfield code="a">United States</subfield><subfield code="b">Nevada</subfield><subfield code="c">Esmeralda</subfield><subfield code="d">Goldfield.</subfield></datafield></record>